<record><leader>00000cas a22000007a 4500</leader><controlfield tag="001">11194593</controlfield><controlfield tag="008">840925d18331838ohuwr ne      0    0eng d</controlfield><datafield ind1=" " ind2=" " tag="010"><subfield code="a">sn 84028603 </subfield></datafield><datafield ind1=" " ind2=" " tag="040"><subfield code="a">NPY</subfield><subfield code="b">eng</subfield><subfield code="c">NPY</subfield><subfield code="d">NVF</subfield><subfield code="d">OCL</subfield><subfield code="d">OCLCQ</subfield><subfield code="d">OCLCF</subfield><subfield code="d">OCLCO</subfield></datafield><datafield ind1=" " ind2=" " tag="042"><subfield code="a">msc</subfield></datafield><datafield ind1=" " ind2=" " tag="043"><subfield code="a">n-us-oh</subfield></datafield><datafield ind1="0" ind2=" " tag="130"><subfield code="a">Western telegraph (Wooster, Ohio)</subfield></datafield><datafield ind1="1" ind2="0" tag="245"><subfield code="a">Western telegraph.</subfield></datafield><datafield ind1=" " ind2=" " tag="260"><subfield code="a">Wooster, Ohio :</subfield><subfield code="b">Martin Barr</subfield></datafield><datafield ind1=" " ind2=" " tag="300"><subfield code="a">v.</subfield></datafield><datafield ind1=" " ind2=" " tag="310"><subfield code="a">Weekly</subfield></datafield><datafield ind1="1" ind2=" " tag="362"><subfield code="a">Began in 1833.</subfield><subfield code="z">Cf. Mink, A. Union list of Ohio newspapers, 1946.</subfield></datafield><datafield ind1="1" ind2=" " tag="362"><subfield code="a">Ceased in 1838.</subfield><subfield code="z">Cf. B.F. Bowen &amp; Co. History of Wayne County, 1910.</subfield></datafield><datafield ind1=" " ind2=" " tag="500"><subfield code="a">"Democratic." Cf. B.F. Bowen &amp; Co. History of Wayne County, 1910.</subfield></datafield><datafield ind1=" " ind2=" " tag="588"><subfield code="a">Description based on: Vol. 3, no. 22 (Jan. 14, 1836).</subfield></datafield><datafield ind1=" " ind2="0" tag="651"><subfield code="a">Wooster (Ohio)</subfield><subfield code="v">Newspapers.</subfield></datafield><datafield ind1=" " ind2="7" tag="655"><subfield code="a">Newspapers.</subfield><subfield code="2">fast</subfield><subfield code="0">(OCoLC)fst01423814</subfield></datafield><datafield ind1=" " ind2="7" tag="651"><subfield code="a">Ohio</subfield><subfield code="z">Wooster.</subfield><subfield code="2">fast</subfield><subfield code="0">(OCoLC)fst01205663</subfield></datafield><datafield ind1=" " ind2=" " tag="752"><subfield code="a">United States</subfield><subfield code="b">Ohio</subfield><subfield code="c">Wayne</subfield><subfield code="d">Wooster.</subfield></datafield><datafield ind1="0" ind2="7" tag="785"><subfield code="t">Republican advocate (Wooster, Ohio)</subfield><subfield code="w">(DLC)sn 84028589</subfield></datafield><datafield ind1="0" ind2="7" tag="785"><subfield code="t">Democratic Republican (Wooster, Ohio)</subfield></datafield></record>